%%%%%%%%%%%%%%%%%%%%%%%%%%%%%%%%%%%%%%%%%%%%%%%%%%%%%%%%%%%
%
% STRINGS.
%
%%%%%%%%%%%%%%%%%%%%%%%%%%%%%%%%%%%%%%%%%%%%%%%%%%%%%%%%%%%

% Publisher names.
@string(ACMPRESS			= "ACM Press")
@string(ADDISONWESLEY		= "Addison-Wesley")
@string(DOVER				= "Dover Publications")
@string(ELSEVIER			= "Elsevier")
@string(HARVARDBUSINESS		= "Harvard Business School Press")
@string(JOHNWILEY			= "John Wiley \& Sons")
@string(MCGRAWHILL			= "McGraw Hill")
@string(PEARSON				= "Pearson Education")
@string(PETEX				= "Petroleum Extension Service, The University of Texas at Austin")


%%%%%%%%%%%%%%%%%%%%%%%%%%%%%%%%%%%%%%%%%%%%%%%%%%%%%%%%%%%
%
% Templates.
%
%%%%%%%%%%%%%%%%%%%%%%%%%%%%%%%%%%%%%%%%%%%%%%%%%%%%%%%%%%%

% Use author's name as they appear in the article!
%
%article{ref:a,
%	author			= {},
%	title			= {},
%	booktitle		= {},
%	publisher		= {},
%	journal			= {},
%	volume			= {},
%	number			= {},
%	month			= {},
%	year			= {},
%	pages			= {},
%	organization	= {},
%	address			= {},
%	issn			= {},
%	abstract		= {}
%}


%%%%%%%%%%%%%%%%%%%%%%%%%%%%%%%%%%%%%%%%%%%%%%%%%%%%%%%%%%%
%
% BOOKS.
%
%%%%%%%%%%%%%%%%%%%%%%%%%%%%%%%%%%%%%%%%%%%%%%%%%%%%%%%%%%%

@book{ref:christensen1997a,
	author		= {Clayton M. Christensen},
	title		= {The Innovator's Dilemma: When New Technologies Cause Great Firms to Fail},
	publisher	= {Harvard business},
	year		= {1997},
	edition		= {},
	address		= {Boston, MA},
	isbn		= {0875845851}
}
